% This file was created with JabRef 2.10.
% Encoding: Cp1252


@InCollection{castleman:chap,
  Title                    = {Resolution and Sampling Requirements for Digital Image Processing, Analysis, and Display},
  Author                   = {Kenneth R. Castleman},
  Chapter                  = {3},
  Pages                    = {71--94},

  Crossref                 = {shotton}
}

@Book{Bass95,
  Title                    = {Handbook of Optics},
  Editor                   = {Michael Bass},
  Publisher                = {McGraw-Hill},
  Year                     = {1995},
  Edition                  = {2nd},
  Volume                   = {1}
}

@Book{Haykin85,
  Title                    = {Array Signal Processing},
  Editor                   = {S. H. Haykin},
  Publisher                = {Prentice Hall},
  Year                     = {1985}
}

@Book{shotton,
  Title                    = {Electronic Light Microscopy: Techniques in Modern Biomedical Microscopy},
  Editor                   = {David Shotton},
  Publisher                = {Wiley-Liss},
  Year                     = {1993}
}

@Book{Zurada92,
  Title                    = {Introduction to Artificial Neural Systems},
  Author                   = {Jacek M. Zurada},
  Publisher                = {West Publishing},
  Year                     = {1992}
}

@Book{Ziemer98,
  Title                    = {Signals and Systems: Continuous and Discrete},
  Author                   = {Rodger E. Ziemer and William H. Tranter and D. Ronald Fannin},
  Publisher                = {Prentice Hall},
  Year                     = {1998},
  Edition                  = {4th}
}

@InProceedings{York01,
  Title                    = {Teaching Real-Time Sonar With The {C6711} {DSK} and {MATLAB}},
  Author                   = {George W. P. York and Michael G. Morrow and Thad B. Welch and Cameron H. G. Wright},
  Booktitle                = {Proceedings of the 2001 {ASEE} Annual Conference},
  Year                     = {2001},
  Month                    = jun,
  Note                     = {Session 1320}
}

@Article{Wright06_lfw,
  Title                    = {Fly-Eye Sensor Vies with Commercial {CCD}},
  Author                   = {C. H. G. Wright and R. S. Prabhakara and S. F. Barrett},
  Journal                  = {Laser Focus World},
  Year                     = {2006},

  Month                    = mar,
  Pages                    = {63--66}
}

@Article{Wright06_jbo,
  Title                    = {Design and Development of a Computer-Assisted Retinal Laser Surgery System},
  Author                   = {Cameron H. G. Wright and Steven F. Barrett and Ashley J. Welch},
  Journal                  = jbo,
  Year                     = {2006},

  Month                    = jul,
  Number                   = {4},
  Pages                    = {041127-1--041127-12},
  Volume                   = {11}
}

@InProceedings{wright:SMC90,
  Title                    = {{ASTRO}: An Optimized Human-Computer Interface for Satellite Control Network Scheduling},
  Author                   = {Cameron H. G. Wright and Donald J. Aitken},
  Booktitle                = {Proceedings of the {IEEE} International Conference on Systems, Man, and Cybernetics},
  Year                     = {1990},
  Month                    = nov
}

@Misc{ee4530slides,
  Title                    = {{EE} 4530 Lecture Notes},

  Author                   = {Cameron H. G. Wright},
  HowPublished             = {University of Wyoming},
  Month                    = {Fall semsester},
  Year                     = {2014},

  Owner                    = {ChgW},
  Timestamp                = {2013.10.02}
}

@Book{wilson:fo,
  Title                    = {Fourier Series and Optical Transform Techniques in Contemporary Optics},
  Author                   = {Raymond G. Wilson},
  Publisher                = {John Wiley \& Sons},
  Year                     = {1995}
}

@Book{cw:dspbook06,
  Title                    = {Real-Time Digital Signal Processing: From {MATLAB} to {C} with the {TMS320C6x} {DSK}},
  Author                   = {Thad B. Welch and Cameron H. G. Wright and Michael G. Morrow},
  Publisher                = {CRC Press},
  Year                     = {2006}
}

@Article{Wage05,
  Title                    = {The Signals and Systems Concept Inventory},
  Author                   = {Kathleen E. Wage and John R. Buck and Cameron H. G. Wright and Thad B. Welch},
  Journal                  = ieeeted,
  Year                     = {2005},

  Month                    = aug,
  Number                   = {3},
  Pages                    = {448--461},
  Volume                   = {48}
}

@InProceedings{Turk91,
  Title                    = {Face Recognition Using Eigenfaces},
  Author                   = {Matthew A. Turk and Alex P. Pentland},
  Booktitle                = {Proceedings of the {IEEE} Conf. Comput. Vis. Patt. Recog.},
  Year                     = {1991},
  Month                    = jun,
  Pages                    = {586--591},

  Annote                   = {A classic paper describing a variation of Principle Component Analysis (PCA) techniques.}
}

@Book{Sonka99,
  Title                    = {Image Processing, Analysis, and Machine Vision},
  Author                   = {M. Sonka and V. Hlavac and R. Boyle},
  Publisher                = {Brooks/Cole},
  Year                     = {1999},
  Edition                  = {2nd}
}

@Book{Shapiro01,
  Title                    = {Computer Vision},
  Author                   = {Linda G. Shapiro and George C. Stockman},
  Publisher                = {Prentice Hall},
  Year                     = {2001},

  Annote                   = {More advanced than your textbook, but covers some good foundation for object recognition.}
}

@Article{shannon:pt1,
  Title                    = {A Mathematical Theory of Communication},
  Author                   = {Claude E. Shannon},
  Journal                  = bstj,
  Year                     = {1948},

  Month                    = jul,
  Note                     = {First of two parts.},
  Pages                    = {379--423},
  Volume                   = {27}
}

@Article{shannon:pt2,
  Title                    = {A Mathematical Theory of Communication},
  Author                   = {Claude E. Shannon},
  Journal                  = bstj,
  Year                     = {1948},

  Month                    = oct,
  Note                     = {Second of two parts.},
  Pages                    = {623--656},
  Volume                   = {27}
}

@Book{sekuler/blake,
  Title                    = {Perception},
  Author                   = {Robert Sekuler and Randolph Blake},
  Publisher                = {McGraw-Hill},
  Year                     = {1994},
  Edition                  = {3rd}
}

@Book{Schalkoff92,
  Title                    = {Pattern Recognition: Statistical, Structural, and Neural Approaches},
  Author                   = {Robert Schalkoff},
  Publisher                = {John Wiley \& Sons},
  Year                     = {1992},

  Annote                   = {Lots of good illustrations, but this book tries to cover lots of ground with too few pages. The result is the text is a bit terse in places.}
}

@Book{saleh/teich,
  Title                    = {Fundamentals of Photonics},
  Author                   = {Bahaa E. A. Saleh and Malvin Carl Teich},
  Publisher                = {John Wiley \& Sons},
  Year                     = {1991}
}

@Book{proakis:dsp,
  Title                    = {Digital Signal Processing},
  Author                   = {John G. Proakis and D. G. Manolakis},
  Publisher                = {Prentice Hall},
  Year                     = {1996},
  Edition                  = {3rd}
}

@Book{p/p:optics,
  Title                    = {Introduction to Optics},
  Author                   = {Frank L. Pedrotti and Leno S. Pedrotti},
  Publisher                = {Prentice Hall},
  Year                     = {1993},
  Edition                  = {2nd}
}

@Article{Pack03,
  Title                    = {A Fast Object Recognition System Using Subspace Representation},
  Author                   = {Daniel J. Pack and Cameron H. G. Wright},
  Year                     = {2003},
  Note                     = {in review, \textit{IEEE Trans. Image Proc.}}
}

@Book{o/s:dtsp,
  Title                    = {Discrete-Time Signal Processing},
  Author                   = {Alan V. Oppenheim and Ronald W. Schafer and John R. Buck},
  Publisher                = {Prentice Hall},
  Year                     = {1999},
  Edition                  = {2nd}
}

@Book{o/s:dsp,
  Title                    = {Digital Signal Processing},
  Author                   = {Alan V. Oppenheim and Ronald W. Schafer},
  Publisher                = {Prentice Hall},
  Year                     = {1975}
}

@Article{Naess01,
  Title                    = {Computer-Assisted Laser Photocoagulation of the Retina: A Hybrid Tracking Approach},
  Author                   = {Espen Naess and Torstein Molvik and Dustin Ludwig and Steven F. Barrett and S. Legowski and Cameron H. G. Wright and Peter W. {de Graaf}},
  Journal                  = jbo,
  Year                     = {2002},

  Month                    = apr,
  Number                   = {2},
  Pages                    = {1--11},
  Volume                   = {7}
}

@Book{latex_comp,
  Title                    = {The \LaTeX\ Companion},
  Author                   = {Frank Mittelbach and Michel Goosens},
  Publisher                = {Addison-Wesley},
  Year                     = {2004},
  Edition                  = {2nd},
  Note                     = {A comprehensive, in-depth book no \LaTeX\ user should be without.}
}

@Book{Mallot00,
  Title                    = {Computational Vision: Information Processing in Perception and Visual Behavior},
  Author                   = {Hanspeter A. Mallot},
  Publisher                = {MIT Press},
  Year                     = {2000}
}

@Book{lamport94,
  Title                    = {{\LaTeX{}}: A Document Preparation System},
  Author                   = {Leslie Lamport},
  Publisher                = {Addison-Wesley},
  Year                     = {1994},
  Edition                  = {2nd},
  Note                     = {This is the primary user's guide and reference manual for \LaTeX.}
}

@Article{Jacquot06,
  Title                    = {Visualization of Partial Differential Equation Solutions},
  Author                   = {Raymond G. Jacquot and Cameron H. G. Wright and Thomas V. Edgar and Robert F. Kubichek},
  Journal                  = {{IEEE} Computing in Science and Engineering},
  Year                     = {2006},
  Pages                    = {86--90},

  Booktitle                = {Proceedings of the 2005 {ASEE} Annual Conference}
}

@Book{h:optics,
  Title                    = {Optics},
  Author                   = {Eugene Hecht},
  Publisher                = {Addison-Wesley},
  Year                     = {1987},
  Edition                  = {2nd}
}

@Book{Haykin99,
  Title                    = {Neural Networks: A Comprehensive Foundation},
  Author                   = {Simon Haykin},
  Publisher                = {Prentice Hall},
  Year                     = {1999},
  Edition                  = {2nd}
}

@Book{haralick/shapiro,
  Title                    = {Computer and Robot Vision},
  Author                   = {Robert M. Haralick and Linda G. Shapiro},
  Publisher                = {Addison-Wesley},
  Year                     = {1992},
  Volume                   = {1 and 2},

  Annote                   = {A \emph{very} complete two volume set, but a bit hard to read as an introduction. After the divorce, Shapiro's later book with Stockman is less complete but more approachable.}
}

@Book{Gratzer07,
  Title                    = {More Math Into \LaTeX},
  Author                   = {George Gr{\"a}tzer},
  Publisher                = {Springer},
  Year                     = {2007},
  Edition                  = {4th},
  Note                     = {One of the best overall books on \LaTeX\ to have for beginner and power user alike.}
}

@Book{goodman:fo,
  Title                    = {Introduction to Fourier Optics},
  Author                   = {Joseph W. Goodman},
  Publisher                = {McGraw-Hill},
  Year                     = {1996},
  Edition                  = {2nd}
}

@Book{gonz/woods/eddins,
  Title                    = {Digital Image Processing Using {MATLAB}},
  Author                   = {Rafael C. Gonzalez and Richard E. Woods and Steven L. Eddins},
  Publisher                = {Prentice Hall},
  Year                     = {2004},

  Annote                   = {Written by the authors of your textbook and a person from The Mathworks (creators of \textsc{Matlab}), this book is much lighter on theory but heavy on specific \textsc{Matlab} examples. There is an excellent companion web site.}
}

@Book{gonzalez/woods,
  Title                    = {Digital Image Processing},
  Author                   = {Rafael C. Gonzalez and Richard E. Woods},
  Publisher                = {Prentice Hall},
  Year                     = {2008},
  Edition                  = {3rd},

  Annote                   = {This is the number one image processing text in the world, with an amazingly complete companion website.}
}

@Book{geddes/baker,
  Title                    = {Principles of Applied Biomedical Instrumentation},
  Author                   = {L. A. Geddes and Lee E. Baker},
  Publisher                = {John Wiley \& Sons},
  Year                     = {1989},
  Edition                  = {3rd}
}

@Book{Fukunaga90,
  Title                    = {Introduction to Statistical Pattern Recognition},
  Author                   = {K. Fukunaga},
  Publisher                = {Academic Press},
  Year                     = {1990},
  Edition                  = {2nd},

  Annote                   = {A well-regarded, mathematically rigorous text on the subject.}
}

@Book{Forsyth03,
  Title                    = {Computer Vision: A Modern Approach},
  Author                   = {David A. Forsyth and Jean Ponce},
  Publisher                = {Prentice Hall},
  Year                     = {2003},

  Annote                   = {Contains introductory material on both lower-level image processing and higher-level computer vision.}
}

@Book{Fausett94,
  Title                    = {Fundamentals of Neural Networks: Architectures, Algorithms, and Applications},
  Author                   = {Laurene Fausett},
  Publisher                = {Prentice Hall},
  Year                     = {1994}
}

@Book{Enderle00,
  Title                    = {Introduction to Biomedical Engineering},
  Author                   = {John D. Enderle and Susan M. Blanchard and Joseph D. Bronzino},
  Publisher                = {Academic Press},
  Year                     = {2000}
}

@Book{Duda01,
  Title                    = {Pattern Classification},
  Author                   = {Richard O. Duda and Peter E. Hart and David G. Stork},
  Publisher                = {John Wiley \& Sons},
  Year                     = {2001},
  Edition                  = {2nd},

  Annote                   = {Generally considered by both experts and novices to be the best pattern recognition book available.}
}

@Book{Dougherty03,
  Title                    = {Hands-On Morphological Image Processing},
  Author                   = {Edward R. Dougherty and Roberto A. Lotufo},
  Publisher                = {SPIE Press},
  Year                     = {2003},

  Annote                   = {The best tutorial on morphological IP I've found so far!}
}

@Book{Diamantaras96,
  Title                    = {Principal Component Neural Networks: Theory and Applications},
  Author                   = {K. I. Diamantaras and S. Y. Kung},
  Publisher                = {John Wiley \& Sons},
  Year                     = {1996}
}

@Book{Davies05,
  Title                    = {Machine Vision: Theory, Algorithms, Practicalities},
  Author                   = {E. R. Davies},
  Publisher                = {Morgan Kaufmann (Elsevier)},
  Year                     = {2005},
  Edition                  = {3rd},

  Annote                   = {A huge (nearly 1,000 pages!), comprehensive book by the well-known British author.}
}

@Book{castleman,
  Title                    = {Digital Image Processing},
  Author                   = {Kenneth R. Castleman},
  Publisher                = {Prentice Hall},
  Year                     = {1979},

  Annote                   = {A good introductory text, similar in scope to your textbook.}
}

@TechReport{Canny83,
  Title                    = {Finding Edges and Lines in Images},
  Author                   = {John F. Canny},
  Institution              = {{MIT} Artificial Intelligence Laboratory},
  Year                     = {1983},
  Month                    = jun,
  Number                   = {AI-TR-720},
  Type                     = {ONR/ARPA Technical Report},

  Annote                   = {Canny's edge detector from his Masters thesis at MIT}
}

@Article{Canny86,
  Title                    = {A Computational Approach to Edge Detection},
  Author                   = {John F. Canny},
  Journal                  = ieeepami,
  Year                     = {1986},

  Month                    = nov,
  Number                   = {6},
  Pages                    = {679--698},
  Volume                   = {PAMI-8}
}

@Article{campbell65,
  Title                    = {Optical and Retinal Factors Affecting Visual Resolution},
  Author                   = {F. W. Campbell and R. W. Gubisch},
  Journal                  = jp,
  Year                     = {1965},
  Pages                    = {576--593},
  Volume                   = {181}
}

@Article{campbell66,
  Title                    = {Optical Quality of the Eye},
  Author                   = {F. W. Campbell and R. W. Gubisch},
  Journal                  = jp,
  Year                     = {1966},
  Pages                    = {558--578},
  Volume                   = {186}
}

@Article{brown,
  Title                    = {A Survey of Image Registration Techniques},
  Author                   = {Lisa Gottesfeld Brown},
  Journal                  = acmcs,
  Year                     = {1992},

  Month                    = dec,
  Number                   = {4},
  Pages                    = {325--376},
  Volume                   = {24}
}

@Book{bronzino,
  Title                    = {The Biomedical Engineering Handbook},
  Author                   = {Joseph D. Bronzino},
  Publisher                = {CRC Press},
  Year                     = {1995}
}

@Book{Bracewell00,
  Title                    = {The Fourier Transform and Its Applications},
  Author                   = {Ronald N. Bracewell},
  Publisher                = {McGraw-Hill},
  Year                     = {2000},
  Edition                  = {3rd}
}

@InProceedings{cw:dspw06,
  Title                    = {Spatial Sampling Variations for Biomimetic Computer Vision},
  Author                   = {John B. Benson and Cameron H. G. Wright and Steven F. Barrett},
  Booktitle                = {Proceedings of the 12th {IEEE} Digital Signal Processing Workshop},
  Year                     = {2006},
  Month                    = sep,
  Pages                    = {1--6}
}

@Article{Becker98,
  Title                    = {Image Processing Algorithms for Retinal Montage Synthesis, Mapping and Real-Time Location Determination},
  Author                   = {Douglas E. Becker and Ali Can and James N. Turner and Howard L. Tanenbaum and Badrinath Roysam},
  Journal                  = ieeebme,
  Year                     = {1998},

  Month                    = jan,
  Number                   = {1},
  Pages                    = {105--118},
  Volume                   = {45}
}

@Article{Barrett01,
  Title                    = {Efficiently Tracking a Moving Object in Two-Dimensional Image Space},
  Author                   = {Steven F. Barrett and Cameron H. G. Wright and Harry Zwick and Michael Wilcox and Benjamin A. Rockwell and Espen Naess},
  Journal                  = {{SPIE} Journal of Electronic Imaging},
  Year                     = {2001},

  Month                    = jul,
  Number                   = {3},
  Pages                    = {785--793},
  Volume                   = {10}
}

@InCollection{sfb:lasmed00a,
  Title                    = {Laser Ophthalmology},
  Author                   = {Steven F. Barrett and Cameron H. G. Wright and Ashley J. Welch},
  Booktitle                = {Medical Applications of Lasers},
  Publisher                = {Kluwer Academic Publishers},
  Year                     = {2002},
  Chapter                  = {3},
  Editor                   = {D. R. Vij and K. Mahesh},
  Pages                    = {59--89}
}

@InProceedings{sfb/cw:bios97,
  Title                    = {Digital Imaging-Based Retinal Photocoagulation System},
  Author                   = {Steven F. Barrett and Cameron H. G. Wright and Erik D. Oberg and Benjamin A. Rockwell and Clarence P. Cain and H. Grady {Rylander III} and Ashley J. Welch},
  Booktitle                = {Proceedings of the {SPIE} International Symposium on Biomedical Optics ({SPIE} 2971)},
  Year                     = {1997},
  Month                    = feb,
  Pages                    = {118--128}
}

@Article{sfb/cw:jbo96,
  Title                    = {Computer-Aided Retinal Photocoagulation System},
  Author                   = {Steven F. Barrett and Cameron H. G. Wright and Maya R. Jerath and R. Steven {Lewis II} and Bryan C. Dillard and H. Grady {Rylander III} and Ashley J. Welch},
  Journal                  = jbo,
  Year                     = {1996},

  Month                    = jan,
  Number                   = {1},
  Pages                    = {83--91},
  Volume                   = {1}
}

@InProceedings{cw/sfb:bios00,
  Title                    = {Hybrid {Digital/Analog} Tracking System},
  Author                   = {Steven F. Barrett and Cameron H. G. Wright and Peter W. {de Graaf}},
  Booktitle                = {Proceedings of the {SPIE} International Symposium on Biomedical Optics ({SPIE} 3911-21)},
  Year                     = {2000},
  Month                    = jan
}

@Article{barrett94:digital,
  Title                    = {Digital Tracking and Control of Retinal Images},
  Author                   = {Steven F. Barrett and Maya R. Jerath and H. Grady {Rylander III} and Ashley J. Welch},
  Journal                  = oe,
  Year                     = {1994},

  Month                    = jan,
  Number                   = {1},
  Pages                    = {150--159},
  Volume                   = {33}
}

@PhdThesis{barrett:diss,
  Title                    = {Digital Tracking and Control of Retinal Images},
  Author                   = {Steven Frank Barrett},
  School                   = {The University of Texas at Austin},
  Year                     = {1993},
  Type                     = {{Ph.D.} Dissertation}
}

@Book{Barnsley93,
  Title                    = {Fractal Image Compression},
  Author                   = {M. Barnsley and L. Hurd},
  Publisher                = {A. K. Peters},
  Year                     = {1993},

  Address                  = {Wellesley, MA}
}

@Article{barnea,
  Title                    = {A Class of Algorithms for Fast Digital Image Registration},
  Author                   = {Daniel I. Barnea and Harvey F. Silverman},
  Journal                  = ieeetc,
  Year                     = {1972},

  Month                    = feb,
  Number                   = {2},
  Pages                    = {179--186},
  Volume                   = {C-21}
}

@Book{banerjee/poon,
  Title                    = {Principles of Applied Optics},
  Author                   = {Partha P. Banerjee and Ting Chung Poon},
  Publisher                = {Irwin},
  Year                     = {1991}
}

