@Book{Thrun,
	Title                    = {Probabilistic Robotics},
	Author                   = {Sebastian Thrun and Wolfram Burgard and Dieter Fox},
	Publisher                = {The MIT Press},
	Year                     = {2006}
}

@Article{chen,
	Title                    = {EM Demystified: An Expectation-Maximization Tutorial},
	Author                   = {Yihua Chen and Maya R. Gupta},
	Journal                  = {UWEE-TR},
	Year                     = {2010},
	Month                    = {February}

}