@Book{rosebrock,
	title                    = {Deep Learning For Computer Vision With Python},
	author                   = {Adrian Rosebrock},
	publisher                = {PyImageSearch},
	year                     = {2017}
}

